@article{gelman1996posterior,
    author = "Gelman, A. and Meng, X. L. and Stern, H.",
    title = "{Posterior predictive assessment of model fitness via realized discrepancies}",
    journal = "Statistica Sinica",
    pages = "733--760",
    year = "1996",
    publisher = "JSTOR",
    url = "http://www.stat.columbia.edu/~gelman/research/published/A6n41.pdf"
}

@inproceedings{Conway:2011in,
    author = "Conway, J. S.",
    title = "{Incorporating Nuisance Parameters in Likelihoods for Multisource Spectra}",
    booktitle = "PHYSTAT 2011",
    eprint = "1103.0354",
    archivePrefix = "arXiv",
    primaryClass = "physics.data-an",
    doi = "10.5170/CERN-2011-006.115",
    pages = "115--120",
    year = "2011"
}

@article{Arguelles:2019izp,
    author = "Argüelles, Carlos A. and Schneider, Austin and Yuan, Tianlu",
    title = "{A binned likelihood for stochastic models}",
    eprint = "1901.04645",
    archivePrefix = "arXiv",
    primaryClass = "physics.data-an",
    doi = "10.1007/JHEP06(2019)030",
    journal = "JHEP",
    volume = "06",
    pages = "030",
    year = "2019"
}

@article{Dembinski:2022ios,
    author = "Dembinski, Hans Peter and Abdelmotteleb, Ahmed",
    title = "{A new maximum-likelihood method for template fits}",
    eprint = "2206.12346",
    archivePrefix = "arXiv",
    primaryClass = "stat.ME",
    doi = "10.1140/epjc/s10052-022-11019-z",
    journal = "Eur. Phys. J. C",
    volume = "82",
    number = "11",
    pages = "1043",
    year = "2022"
}

@misc{Fang2014GewekeDiagnostics,
    author = "Qijun Fang",
    title = "{A Brief Introduction to Geweke’s Diagnostics}",
    howpublished = "\url{https://math.arizona.edu/~piegorsch/675/GewekeDiagnostics.pdf}",
    note = "STAT 675, University of Arizona",
    year = "2014",
    month = "May",
    day = "7"
}

@mastersthesis{karlsbakk2011,
    author = "Jarle Karlsbakk",
    title = "{Likelihood Inference and Comparison of Time-Inhomogeneous Markov Processes}",
    school = "Stockholm University, Department of Mathematics",
    year = "2011",
    type = "Master's Thesis",
    url = "https://www2.math.su.se/matstat/reports/master/2011/rep2/report.pdf",
    chapter = "3.1"
}

@article{Dunkley:2004sv,
    author = "Dunkley, Joanna and Bucher, Martin and Ferreira, Pedro G. and Moodley, Kavilan and Skordis, Constantinos",
    title = "{Fast and reliable MCMC for cosmological parameter estimation}",
    eprint = "astro-ph/0405462",
    archivePrefix = "arXiv",
    doi = "10.1111/j.1365-2966.2004.08464.x",
    journal = "Mon. Not. Roy. Astron. Soc.",
    volume = "356",
    pages = "925--936",
    year = "2005"
}

@manual{StanManual,
    title = "{Stan Reference Manual: Effective Sample Size}",
    author = "{Stan Development Team}",
    year = "2018",
    note = "Version 2.18",
    url = "https://mc-stan.org/docs/2_18/reference-manual/effective-sample-size-section.html"
}

@misc{hanson2008mcmc,
    author = "Kenneth M. Hanson",
    title = "{Tutorial on Markov Chain Monte Carlo}",
    year = "2008",
    note = "Revised 14/05/08, LA-UR-05-5680",
    howpublished = "Presented at the 29th International Workshop on Bayesian Inference and Maximum Entropy Methods in Science and Technology, Gif-sur-Yvette, France, July 8–13, 2009",
    url = "https://kmh-lanl.hansonhub.com/talks/maxent00b.pdf",
    institution = "Los Alamos National Laboratory"
}

@article{roberts2009adaptive,
    author = "Gareth O. Roberts and Jeffrey S. Rosenthal",
    title = "{Examples of Adaptive MCMC}",
    journal = "Journal of Computational and Graphical Statistics",
    volume = "18",
    number = "2",
    year = "2009",
    pages = "349--367",
    url = "http://www.jstor.org/stable/25651249",
}

@article{James:2004xla,
    author = "James, Fred and Winkler, Matthias",
    title = "{MINUIT User's Guide}",
    month = "June",
    year = "2004"
}

@book{jeffreys1998theory,
    author = "H. Jeffreys",
    title = "{The Theory of Probability}",
    publisher = "UOP Oxford",
    year = "1998",
    doi = "10.2307/3619118"
}

@book{press1992numerical,
    author = "William H. Press and Saul A. Teukolsky and William T. Vetterling and Brian P. Flannery",
    title = "{Numerical Recipes in C: The Art of Scientific Computing}",
    edition = "Second Edition",
    publisher = "Cambridge University Press",
    year = "1992",
    note = "William H. Press: Harvard-Smithsonian Center for Astrophysics, Saul A. Teukolsky: Department of Physics, Cornell University, William T. Vetterling: Polaroid Corporation, Brian P. Flannery: EXXON Research and Engineering Company"
}

@misc{gabry2024visual,
    author = "Jonah Gabry and Martin Modr{\'a}k",
    title = "{Visual MCMC diagnostics using the bayesplot package}",
    year = "2024",
    month = "January",
    day = "30",
    howpublished = "\url{https://mc-stan.org/bayesplot/articles/visual-mcmc-diagnostics.html}",
    note = "Source: vignettes/visual-mcmc-diagnostics.Rmd"
}

@misc{chakraborty2019estimating,
    author = "Saptarshi Chakraborty and Suman K. Bhattacharya and Kshitij Khare",
    title = "{Estimating accuracy of the MCMC variance estimator: a central limit theorem for batch means estimators}",
    year = "2019",
    eprint = "1911.00915",
    archivePrefix = "arXiv",
    primaryClass = "stat.CO",
    url = "https://doi.org/10.48550/arXiv.1911.00915"
}

@misc{rossetti2024batch,
    author = "Manuel D. Rossetti",
    title = "{The Batch Means Method}",
    booktitle = "Simulation Modeling and Arena, 2nd Edition",
    year = "2024",
    chapter = "5.4",
    url = "https://rossetti.github.io/RossettiArenaBook/ch5-BatchMeansMethod.html",
}

@article{Gelman2014,
  author       = {Andrew Gelman and Jessica Hwang and Aki Vehtari},
  title        = {Understanding predictive information criteria for Bayesian models},
  journal      = {Statistics and Computing},
  year         = {2014},
  volume       = {24},
  number       = {6},
  pages        = {997--1016},
  doi          = {10.1007/s11222-013-9416-2},
  url          = {https://doi.org/10.1007/s11222-013-9416-2},
  issn         = {1573-1375}
}

@article{gelman2019,
    author       = "Aki Vehtari and Andrew Gelman and Daniel Simpson and Bob Carpenter and Paul-Christian Bürkner",
    title        = "{Rank-normalization, folding, and localization: An improved \(\widehat{R}\) for assessing convergence of MCMC}",
    year         = "2019",
    doi          = "10.48550/arXiv.1903.08008",
    url          = "https://doi.org/10.48550/arXiv.1903.08008"
}

@article{2011ThinningMCMC,
  author       = {William A. Link and Mitchell J. Eaton},
  title        = {On thinning of chains in MCMC},
  journal      = {Methods in Ecology and Evolution},
  volume       = {2},
  number       = {3},
  pages        = {305-310},
  year         = {2011},
  doi          = {10.1111/j.2041-210X.2011.00131.x},
  url          = {https://doi.org/10.1111/j.2041-210X.2011.00131.x},
}

@article{Spiegelhalter2002,
  author       = {David J. Spiegelhalter and Nicola G. Best and Bradley P. Carlin and Angelika Van Der Linde},
  title        = {Bayesian Measures of Model Complexity and Fit},
  journal      = {Journal of the Royal Statistical Society Series B: Statistical Methodology},
  year         = {2002},
  volume       = {64},
  number       = {4},
  pages        = {583--639},
  month        = {October},
  doi          = {10.1111/1467-9868.00353},
  url          = {https://doi.org/10.1111/1467-9868.00353}
}

@manual{BRugsDIC,
  title        = {DIC Function: Deviance Information Criterion},
  author       = {{The BRugs Development Team}},
  year         = {2024},
  note         = {Accessed: 2024-11-29},
  url          = {https://search.r-project.org/CRAN/refmans/BRugs/html/dic.html},
}

@manual{Hartig2024WAIC,
  author       = {Florian Hartig},
  title        = {WAIC Calculation in BayesianTools Package},
  year         = {2024},
  note         = {Accessed: 2024-11-30},
  url          = {https://search.r-project.org/CRAN/refmans/BayesianTools/html/WAIC.html},
  institution  = {CRAN},
}

@article{luengo2020survey,
  author = {Luengo, D. and Martino, L. and Bugallo, M. and others},
  title = {A survey of Monte Carlo methods for parameter estimation},
  journal = {EURASIP Journal on Advances in Signal Processing},
  year = {2020},
  doi = {10.1186/s13634-020-00675-6},
  url = {https://doi.org/10.1186/s13634-020-00675-6},
  note = {Relevant discussion in Section 3.2.1},
  published = {29 May 2020}
}

@article{haario2001adaptive,
  author       = {Heikki Haario and Eero Saksman and Johanna Tamminen},
  title        = {An adaptive Metropolis algorithm},
  journal      = {Bernoulli},
  volume       = {7},
  number       = {2},
  pages        = {223--242},
  year         = {2001},
  month        = {April},
  doi          = {10.3150/bj/1080222083}
}
